@article{Sche1,
	Abstract = {Die Klasse definiert die Methoden und Eigenschaften des Objektes und kann sich in einer Klassenhierarchie befinden. Im relationalen Schema sind Klassen nicht enthalten und können deshalb nicht natürlich abgebildet werden.},
	Author = {Scheit, Philipp},
	Journal = {Diplomarbeit},
	Month = {},
	Number = {},
	Numpages = {},
	Pages = {},
	Title = {Analyse und Lösungen für den Object-relational Impedance-Mismatch},
	Volume = {1},
	Url = {},
	Year = {2010}
}


@article{Depo1,
	Author = {Depold, Sascha},
	Numpages = {3},
	Pages = {8--10},
	Title = {Objekt-relationales Mapping in Node.JS. Implementierung eines OR-Mappers für die serverseitige JavaScript-Laufzeitumgebung Node.JS},
	Year = {2012}
}


@article{Sche1,
	Author = {Scheit, Philipp},
	Journal = {Diplomarbeit},
	Numpages = {2},
	Pages = {4--5},
	Title = {Analyse und Lösungen für den Object-relational Impedance-Mismatch},
	Year = {2010}
}


@article{Piep1,
	Author = {Piepmeyer, Lothar},
	Journal = {Book},
	Numpages = {1},
	Pages = {280},
	Title = {Grundkurs Datenbnamksysteme, Von den Konzepten bis zur Anwendungsentwicklung},
	Year = {2011}
}